@techreport{ j2metesting,
    author="Dawid Weiss and Marcin Zduniak",
    title="{A Framework for Testing Mobile Applications in Java2 Microedition}",
    institution="Institute of Computing Science, Pozna{\'n} University of Technology, Poland",
    type="Technical Report",
    number="RA-019/06",
    year="2006"
}