@misc{fowler,
        author="Martin Fowler and  Matthew Foemmel",
        title="Continuous Integration",
        howpublished="Available on-line: \url{http://martinfowler.com/articles/continuousIntegration.html}"
}                            

@book{tcs,
	author = {Cem Kaner and Jack L.~Falk and Hung Quoc Nguyen},
	title = {Testing Computer Software, Second Edition},
	year = {1999},
	publisher = {John Wiley \& Sons, Inc.},
	address = {New York, NY, USA},
}

@misc{j2meunit,
    author = "{J2MEUnit}",
    howpublished = "On-line (2006): \url{http://j2meunit.sourceforge.net}",
}

@misc{mobilejunit,
    author = "{Mobile JUnit (Sony Ericsson)}",
    howpublished = "On-line (2006): \url{http://developer.sonyericsson.com/getDocument.do?docId=87520}",
}

@misc{rational,
    author = "{IBM Rational Test RealTime}",
    howpublished = "On-line (2006): \url{http://www.ibm.com/software/awdtools/test/realtime/}",
}

@misc{midpspec,
    author = "{Mobile Information Device Profile 2.0 Specification}",
    howpublished = "On-line (2006): \url{http://jcp.org/aboutJava/communityprocess/final/jsr118/}",
}

@book{ sta99,
    title = "{Software Test Automation}",
    author = "{Mark Fewster and Dorothy Graham}",
    publisher = "{Addison Wesley}",
    year = "1999",
}

@book{ emost,
    title = "{Effective Methods of Software Testing (second edition)}",
    author = "{William E.~Perry}",
    publisher = "{Wiley}",
    year = "1999",
}

@book{ softqualiteng,
    title = "{Software Quality Engineering. Testing, Quality Assurance, and Quantifiable Improvement}",
    author = "{Jeff Tian}",
    publisher = pub-wiley,
    year = "2005",
}
