@String{pub-wiley = "John Wiley \& Sons, Inc."}
@String{pub-addison = "Ad{\-d}i{\-s}on-Wes{\-l}ey"}

@misc{fowler,
    author = "Martin Fowler and Matthew Foemmel",
    title = "Continuous Integration",
    howpublished = "Available on-line (2007): \url{http://martinfowler.com/articles/continuousIntegration.html}"
}

@book{tcs,
    author = {Cem Kaner and Jack L.~Falk and Hung Quoc Nguyen},
    title = {Testing Computer Software, Second Edition},
    year = {1999},
    publisher = pub-wiley,
    address = {New York, NY, USA},
}

@misc{ midpspec,
    author = "{SUN}",
    title = "{Mobile Information Device Profile 2.0 Specification}",
    howpublished = "{Available on-line (2007): \url{http://jcp.org/aboutJava/communityprocess/final/jsr118/}}",
}

@book{ sta99,
    title = "{Software Test Automation}",
    author = "{Mark Fewster and Dorothy Graham}",
    publisher = pub-addison,
    year = "1999",
}

@book{ emost,
    title = "{Effective Methods of Software Testing (second edition)}",
    author = "{William E.~Perry}",
    publisher = pub-wiley,
    year = "1999",
}

@book{ softqualiteng,
    title = "{Software Quality Engineering. Testing, Quality Assurance, and Quantifiable Improvement}",
    author = "{Jeff Tian}",
    publisher = pub-wiley,
    year = "2005",
}
