@String{pub-wiley = "John Wiley \& Sons, Inc."}
@String{pub-addison = "Ad{\-d}i{\-s}on-Wes{\-l}ey"}

@misc{fowler,
    author = "Martin Fowler and Matthew Foemmel",
    title = "Continuous Integration",
    howpublished = "Available on-line (2007): \url{http://martinfowler.com/articles/continuousIntegration.html}"
}

@book{tcs,
    author = {Cem Kaner and Jack L.~Falk and Hung Quoc Nguyen},
    title = {Testing Computer Software, Second Edition},
    year = {1999},
    publisher = pub-wiley,
    address = {New York, NY, USA},
}

@misc{ midpspec,
    author = "{SUN}",
    title = "{Mobile Information Device Profile 2.0 Specification}",
    howpublished = "{Available on-line (2007): \url{http://jcp.org/aboutJava/communityprocess/final/jsr118/}}",
}

@book{ sta99,
    title = "{Software Test Automation}",
    author = "{Mark Fewster and Dorothy Graham}",
    publisher = pub-addison,
    year = "1999",
}

@book{ emost,
    title = "{Effective Methods of Software Testing (second edition)}",
    author = "{William E.~Perry}",
    publisher = pub-wiley,
    year = "1999",
}

@book{ softqualiteng,
    title = "{Software Quality Engineering. Testing, Quality Assurance, and Quantifiable Improvement}",
    author = "{Jeff Tian}",
    publisher = pub-wiley,
    year = "2005",
}

@book{ j2mecrackingcode,
    title = "{Wireless Programming with J2ME: Cracking the Code}",
    author = "{Dreamtech Software Team}",
    publisher = "{Hungry Minds, Inc.}",
    year = "2002",
}

@book{ enterprisej2me,
    title = "{Enterprise J2ME: Developing Mobile Java Applications}",
    author = "{Michael Juntao Yuan}",
    publisher = "{Prentice Hall PTR}",
    year = "2003",
}

@book{ j2mereference,
    title = "{J2ME: The Complete Reference}",
    author = "{James Keogh}",
    publisher = "{McGraw-Hill/Osborne}",
    year = "2003",
}

@book{ midpstyle,
    title = "{MIDP Style Guide for the Java 2 Platform, Micro Edition}",
    author = "{Cynthia Bloch, Annette Wagner}",
    publisher = pub-addison,
    year = "2003",
}


@inproceedings{ zduniak-weiss-2007,
    editor    = {Witold Abrabowicz},
    author    = "Dawid Weiss and Marcin Zduniak",
    title     = "{Automated Integration Tests for Mobile~Applications in Java 2 Micro Edition}",
    booktitle = "Proceedings of the 10th International Conference on Business Information Systems {BIS-2007}, Pozna{\'n}, Poland",
    series    = "{Lecture Notes in Computer Science}",
    publisher = "Springer",
    pages     = "478--487",
    volume    = {4439},
    year      = {2007}
}